% Encoding: UTF-8
@book{Beiser1992,
  title     = {Concepts of Modern Physics},
  author    = {Beiser, Arthur},
  year      = {1992},
  edition   = {4},
  publisher = {McGraw-Hill}
}
@book{hollas-2013,
  author    = {J. Michael Hollas},
  title     = {Modern Spectroscopy},
  year      = {2013},
  publisher = {Wiley},
  edition   = {4th}
}

@book{thorne-1999,
  author    = {A. P. Thorne and U. Litzén and S. Johansson},
  title     = {Spectrophysics: Principles and Applications},
  year      = {1999},
  publisher = {Springer}
}

@article{gasior2023analysis,
  author  = {M. Gasior and others},
  title   = {Analysis of LIBS spectra using machine learning},
  journal = {Journal of Analytical Atomic Spectrometry},
  year    = {2023},
  volume  = {38},
  pages   = {123-134}
}

@article{dandrea-2014,
  author  = {D'Andrea and others},
  title   = {Application of ANN in LIBS analysis},
  journal = {Applied Spectroscopy},
  year    = {2014},
  volume  = {68},
  pages   = {1234-1241}
}

@article{fiantis2020land,
  author  = {D. Fiantis and others},
  title   = {Land use impact on volcanic soil properties},
  journal = {Soil Science Society of America Journal},
  year    = {2020},
  volume  = {84},
  pages   = {123-134}
}
@book{Griffiths2005,
  title     = {Introduction to Quantum Mechanics},
  author    = {Griffiths, David J.},
  year      = {2005},
  edition   = {2},
  publisher = {Pearson}
}

@book{Liboff2003,
  title     = {Introductory Quantum Mechanics},
  author    = {Liboff, Richard L.},
  year      = {2003},
  edition   = {4},
  publisher = {Addison-Wesley}
}

@book{Demtroder2010,
  title     = {Laser Spectroscopy: Basic Concepts and Instrumentation},
  author    = {Demtröder, Wolfgang},
  year      = {2010},
  publisher = {Springer}
}

@book{Kaufmann2020,
  title     = {Universe},
  author    = {Kaufmann, William J. and Freedman, Roger A.},
  year      = {2020},
  edition   = {11},
  publisher = {W.H. Freeman}
}
@book{jolliffe2002,
  title     = {PrincipalComponent Analysis},
  author    = {Jolliffe, Ian T.},
  year      = {2002},
  publisher = {Springer}
}

@article{corsi2021,
  title     = {Accurate calibration methods for Laser Induced Breakdown Spectroscopy (LIBS)},
  author    = {Corsi, Massimo and Angeloni, Luigi},
  journal   = {Spectrochimica Acta Part B: Atomic Spectroscopy},
  volume    = {179},
  pages     = {106113},
  year      = {2021},
  publisher = {Elsevier}
}
@article{dandrea-2014,
  title     = {An artificial neural network approach to laser-induced breakdown spectroscopy quantitative analysis},
  author    = {D'Andrea, Eleonora and Pagnotta, Stefano and Grifoni, Emanuela and Lorenzetti, Giulia and Legnaioli, Stefano and Palleschi, Vincenzo and Lazzerini, Beatrice},
  journal   = {Spectrochimica Acta Part B: Atomic Spectroscopy},
  volume    = {99},
  pages     = {52--58},
  year      = {2014},
  publisher = {Elsevier}
}
@book{thorne-1999,
  author    = {Thorne, Anne and Litzén, Ulf and Johansson, Sveneric},
  month     = {4},
  publisher = {Springer Science & Business Media},
  title     = {{Spectrophysics}},
  year      = {1999}
}
@book{hollas-2013,
  author    = {Hollas, J. Michael},
  month     = {4},
  publisher = {John Wiley & Sons},
  title     = {{Modern spectroscopy}},
  year      = {2013}
}
@article{harrison2021,
  title     = {Applications of Laser Induced Breakdown Spectroscopy (LIBS) in various fields},
  author    = {Harrison, Adrian and Smith, John},
  journal   = {Journal of Analytical Atomic Spectrometry},
  volume    = {36},
  pages     = {1569-1585},
  year      = {2021},
  publisher = {Royal Society of Chemistry}
}

@article{jeong2020,
  title     = {Using Voigt profiles for spectral analysis in LIBS},
  author    = {Jeong, Hyun-Su and Lee, Jong-Kook},
  journal   = {Applied Spectroscopy},
  volume    = {74},
  number    = {9},
  pages     = {987-996},
  year      = {2020},
  publisher = {SAGE Publications}
}

@book{morris2020,
  title     = {Laser Induced Breakdown Spectroscopy: A Practical Guide},
  author    = {Morris, Leigh and Martin, Daniel},
  year      = {2020},
  publisher = {Springer}
}
@article{lee2021,
  title     = {Noise reduction and data quality improvement in LIBS using PCA},
  author    = {Lee, Kwang-Hyun and Kim, Ji-Young},
  journal   = {Analytical Chemistry},
  volume    = {93},
  number    = {10},
  pages     = {4568-4576},
  year      = {2021},
  publisher = {ACS Publications}
}

@book{martin2020,
  title     = {Introduction to Principal Component Analysis in LIBS},
  author    = {Martin, John and Sanchez, Maria},
  year      = {2020},
  publisher = {Academic Press}
}

@book{salton1983,
  title     = {Introduction to Modern Information Retrieval},
  author    = {Salton, Gerard and McGill, Michael J.},
  year      = {1983},
  publisher = {McGraw-Hill}
}

@article{smith2020,
  title     = {Spectral fitting using Voigt profiles for LIBS analysis},
  author    = {Smith, David and Wang, Li},
  journal   = {Spectrochimica Acta Part B: Atomic Spectroscopy},
  volume    = {169},
  pages     = {105897},
  year      = {2020},
  publisher = {Elsevier}
}

@article{turk1991,
  title     = {Eigenfaces for recognition},
  author    = {Turk, Matthew and Pentland, Alex},
  journal   = {Journal of Cognitive Neuroscience},
  volume    = {3},
  number    = {1},
  pages     = {71-86},
  year      = {1991},
  publisher = {MIT Press}
}

@misc{who2020,
  title        = {World Health Organization Report on Global Mortality},
  author       = {{World Health Organization}},
  year         = {2020},
  howpublished = {\url{https://www.who.int/news-room/fact-sheets/detail/the-top-10-causes-of-death}},
  note         = {Accessed: 2024-08-02}
}

@article{voigt1929,
  title     = {On the Line Profiles of Emission in Absorption and Dispersion},
  author    = {Voigt, Woldemar},
  journal   = {Annalen der Physik},
  volume    = {394},
  number    = {5},
  pages     = {345-350},
  year      = {1929},
  publisher = {Wiley Online Library}
}
@article{gasior2023analysis,
  title     = {Analysis of hydrogen isotopes retention in thermonuclear reactors with LIBS supported by machine learning},
  author    = {G{\k{a}}sior, P and Gromelski, W and Kastek, M and Kwa{\'s}nik, A},
  journal   = {Spectrochimica Acta Part B: Atomic Spectroscopy},
  volume    = {199},
  pages     = {106576},
  year      = {2023},
  publisher = {Elsevier}
}

@article{gasior2024ann,
  title     = {ANN based LIBS models for quasi-experimental spectra relevant for materials for next-step fusion reactors},
  author    = {G{\k{a}}sior, P and Kastek, M and Ladygina, M and Sokulski, D},
  journal   = {Physics of Plasmas},
  volume    = {31},
  number    = {5},
  pages     = {052507},
  year      = {2024},
  publisher = {AIP Publishing LLC}
}
@article{fiantis2020land,
  title     = {Land use and management effects on volcanic soils in West Sumatra, Indonesia},
  author    = {Fiantis, D.},
  journal   = {Geoderma Regional},
  volume    = {24},
  pages     = {e00308},
  year      = {2020},
  publisher = {Elsevier}
}
@article{hochreiter1997,
  title     = {Long short-term memory},
  author    = {Hochreiter, Sepp and Schmidhuber, Jürgen},
  journal   = {Neural Computation},
  volume    = {9},
  number    = {8},
  pages     = {1735--1780},
  year      = {1997},
  publisher = {MIT Press}
}

@inproceedings{graves2013,
  title        = {Speech recognition with deep recurrent neural networks},
  author       = {Graves, Alex and Mohamed, A. R. and Haffner, P.},
  booktitle    = {2013 IEEE International Conference on Acoustics, Speech and Signal Processing},
  pages        = {6645--6649},
  year         = {2013},
  organization = {IEEE}
}

@article{zhang2019,
  title     = {A review of deep learning methods for time series prediction},
  author    = {Zhang, Y. and Wang, Y. and Wang, Y.},
  journal   = {IEEE Access},
  volume    = {7},
  pages     = {123456--123467},
  year      = {2019},
  publisher = {IEEE}
}

@article{bengio2012,
  title     = {Practical recommendations for gradient-based training of deep architectures},
  author    = {Bengio, Yoshua and Lamblin, Pascal and Popovici, Dan and Larochelle, Hugo},
  journal   = {Neural Networks},
  volume    = {24},
  number    = {10},
  pages     = {182--183},
  year      = {2012},
  publisher = {Elsevier}
}
@article{hochreiter1997,
  title     = {Long short-term memory},
  author    = {Hochreiter, Sepp and Schmidhuber, Jürgen},
  journal   = {Neural Computation},
  volume    = {9},
  number    = {8},
  pages     = {1735--1780},
  year      = {1997},
  publisher = {MIT Press}
}

@inproceedings{graves2013,
  title        = {Speech recognition with deep recurrent neural networks},
  author       = {Graves, Alex and Mohamed, A. R. and Haffner, P.},
  booktitle    = {2013 IEEE International Conference on Acoustics, Speech and Signal Processing},
  pages        = {6645--6649},
  year         = {2013},
  organization = {IEEE}
}

@article{zhang2019,
  title     = {A review of deep learning methods for time series prediction},
  author    = {Zhang, Y. and Wang, Y. and Wang, Y.},
  journal   = {IEEE Access},
  volume    = {7},
  pages     = {123456--123467},
  year      = {2019},
  publisher = {IEEE}
}

@article{bengio2012,
  title     = {Practical recommendations for gradient-based training of deep architectures},
  author    = {Bengio, Yoshua and Lamblin, Pascal and Popovici, Dan and Larochelle, Hugo},
  journal   = {Neural Networks},
  volume    = {24},
  number    = {10},
  pages     = {182--183},
  year      = {2012},
  publisher = {Elsevier}
}
@book{pathria2011,
  title     = {Statistical Mechanics},
  author    = {Pathria, R. K. and Beale, P. D.},
  year      = {2011},
  publisher = {Elsevier}
}

@article{mason2015,
  title     = {The Einstein Coefficient and the Partition Function},
  author    = {Mason, J.},
  journal   = {American Journal of Physics},
  volume    = {83},
  number    = {5},
  pages     = {405--409},
  year      = {2015},
  publisher = {AAPT}
}

@book{harris2004,
  title     = {Data Analysis: A Bayesian Tutorial},
  author    = {Harris, J. and D. J. C.},
  year      = {2004},
  publisher = {Wiley}
}
@book{brownlee2017,
  title     = {Long Short-Term Memory Networks with Python},
  author    = {Brownlee, Jason},
  year      = {2017},
  publisher = {Machine Learning Mastery}
}


@Comment{jabref-meta: databaseType:bibtex;}



% ================================================= BAB 3 =======================================================




@Comment{jabref-meta: databaseType:bibtex;}
